@ARTICLE{2018ARA&A..56..393M,
       author = {{Mandelbaum}, Rachel},
        title = "{Weak Lensing for Precision Cosmology}",
      journal = {\araa},
     keywords = {Astrophysics - Cosmology and Nongalactic Astrophysics},
         year = 2018,
        month = sep,
       volume = {56},
        pages = {393-433},
          doi = {10.1146/annurev-astro-081817-051928},
archivePrefix = {arXiv},
       eprint = {1710.03235},
 primaryClass = {astro-ph.CO},
       adsurl = {https://ui.adsabs.harvard.edu/abs/2018ARA&A..56..393M},
      adsnote = {Provided by the SAO/NASA Astrophysics Data System}
}

@ARTICLE{2017ApJ...836..187Z,
       author = {{Zackay}, Barak and {Ofek}, Eran O.},
        title = "{How to COAAD Images. I. Optimal Source Detection and Photometry of Point Sources Using Ensembles of Images}",
      journal = {\apj},
     keywords = {cosmology: observations, gravitational lensing: weak, methods: data analysis, surveys, techniques: image processing, techniques: photometric, Astrophysics - Instrumentation and Methods for Astrophysics},
         year = 2017,
        month = feb,
       volume = {836},
       number = {2},
          eid = {187},
        pages = {187},
          doi = {10.3847/1538-4357/836/2/187},
archivePrefix = {arXiv},
       eprint = {1512.06872},
 primaryClass = {astro-ph.IM},
       adsurl = {https://ui.adsabs.harvard.edu/abs/2017ApJ...836..187Z},
      adsnote = {Provided by the SAO/NASA Astrophysics Data System}
}

@ARTICLE{2014ApJ...794..120A,
       author = {{Annis}, James and {Soares-Santos}, Marcelle and {Strauss}, Michael A. and {Becker}, Andrew C. and {Dodelson}, Scott and {Fan}, Xiaohui and {Gunn}, James E. and {Hao}, Jiangang and {Ivezi{\'c}}, {\v{Z}}eljko and {Jester}, Sebastian and {Jiang}, Linhua and {Johnston}, David E. and {Kubo}, Jeffrey M. and {Lampeitl}, Hubert and {Lin}, Huan and {Lupton}, Robert H. and {Miknaitis}, Gajus and {Seo}, Hee-Jong and {Simet}, Melanie and {Yanny}, Brian},
        title = "{The Sloan Digital Sky Survey Coadd: 275 deg$^{2}$ of Deep Sloan Digital Sky Survey Imaging on Stripe 82}",
      journal = {\apj},
     keywords = {atlases, catalogs, surveys, Astrophysics - Cosmology and Nongalactic Astrophysics},
         year = 2014,
        month = oct,
       volume = {794},
       number = {2},
          eid = {120},
        pages = {120},
          doi = {10.1088/0004-637X/794/2/120},
archivePrefix = {arXiv},
       eprint = {1111.6619},
 primaryClass = {astro-ph.CO},
       adsurl = {https://ui.adsabs.harvard.edu/abs/2014ApJ...794..120A},
      adsnote = {Provided by the SAO/NASA Astrophysics Data System}
}

@ARTICLE{2018PASJ...70S...5B,
       author = {{Bosch}, James and {Armstrong}, Robert and {Bickerton}, Steven and {Furusawa}, Hisanori and {Ikeda}, Hiroyuki and {Koike}, Michitaro and {Lupton}, Robert and {Mineo}, Sogo and {Price}, Paul and {Takata}, Tadafumi and {Tanaka}, Masayuki and {Yasuda}, Naoki and {AlSayyad}, Yusra and {Becker}, Andrew C. and {Coulton}, William and {Coupon}, Jean and {Garmilla}, Jose and {Huang}, Song and {Krughoff}, K. Simon and {Lang}, Dustin and {Leauthaud}, Alexie and {Lim}, Kian-Tat and {Lust}, Nate B. and {MacArthur}, Lauren A. and {Mandelbaum}, Rachel and {Miyatake}, Hironao and {Miyazaki}, Satoshi and {Murata}, Ryoma and {More}, Surhud and {Okura}, Yuki and {Owen}, Russell and {Swinbank}, John D. and {Strauss}, Michael A. and {Yamada}, Yoshihiko and {Yamanoi}, Hitomi},
        title = "{The Hyper Suprime-Cam software pipeline}",
      journal = {\pasj},
     keywords = {methods: data analysis, surveys, techniques: image processing, Astrophysics - Instrumentation and Methods for Astrophysics},
         year = 2018,
        month = jan,
       volume = {70},
          eid = {S5},
        pages = {S5},
          doi = {10.1093/pasj/psx080},
archivePrefix = {arXiv},
       eprint = {1705.06766},
 primaryClass = {astro-ph.IM},
       adsurl = {https://ui.adsabs.harvard.edu/abs/2018PASJ...70S...5B},
      adsnote = {Provided by the SAO/NASA Astrophysics Data System}
}

@ARTICLE{2011ApJ...741...46R,
       author = {{Rowe}, Barnaby and {Hirata}, Christopher and {Rhodes}, Jason},
        title = "{Optimal Linear Image Combination}",
      journal = {\apj},
     keywords = {dark energy, gravitational lensing: weak, methods: data analysis, techniques: image processing, techniques: photometric, Astrophysics - Instrumentation and Methods for Astrophysics, Astrophysics - Cosmology and Nongalactic Astrophysics},
         year = 2011,
        month = nov,
       volume = {741},
       number = {1},
          eid = {46},
        pages = {46},
          doi = {10.1088/0004-637X/741/1/46},
archivePrefix = {arXiv},
       eprint = {1105.2852},
 primaryClass = {astro-ph.IM},
       adsurl = {https://ui.adsabs.harvard.edu/abs/2011ApJ...741...46R},
      adsnote = {Provided by the SAO/NASA Astrophysics Data System}
}

@ARTICLE{Rowe15,
       author = {{Rowe}, B.~T.~P. and {Jarvis}, M. and {Mandelbaum}, R. and {Bernstein}, G.~M. and {Bosch}, J. and {Simet}, M. and {Meyers}, J.~E. and {Kacprzak}, T. and {Nakajima}, R. and {Zuntz}, J. and {Miyatake}, H. and {Dietrich}, J.~P. and {Armstrong}, R. and {Melchior}, P. and {Gill}, M.~S.~S.},
        title = "{GALSIM: The modular galaxy image simulation toolkit}",
      journal = {Astronomy and Computing},
     keywords = {Methods: data analysis, Techniques: image processing, Gravitational lensing, Cosmology: observations, Astrophysics - Instrumentation and Methods for Astrophysics, Astrophysics - Cosmology and Nongalactic Astrophysics, 85-04},
         year = 2015,
        month = apr,
       volume = {10},
        pages = {121-150},
          doi = {10.1016/j.ascom.2015.02.002},
archivePrefix = {arXiv},
       eprint = {1407.7676},
 primaryClass = {astro-ph.IM},
       adsurl = {https://ui.adsabs.harvard.edu/abs/2015A&C....10..121R},
      adsnote = {Provided by the SAO/NASA Astrophysics Data System}
}

@ARTICLE{Lauer99,
	author = {Lauer, Tod R.},
	title = {Combining undersampled dithered images},
	year = {1999},
	journal = {Publications of the Astronomical Society of the Pacific},
	volume = {111},
	number = {756},
	pages = {227 â€“ 237},
	doi = {10.1086/316319},
	url = {https://www.scopus.com/inward/record.uri?eid=2-s2.0-0033477834&doi=10.1086%2f316319&partnerID=40&md5=d761a4bd5b78ded3b8a6f7ad6daa3f64},
	publication_stage = {Final},
	note = {Cited by: 82}
}